@booklet{Burke2017c,
    author	= "{Burke}, C.~J., {Catanzarite}, J.",
    year	= 2017,
    journal	= {Planet Detection Metrics: Window and One-Sigma Depth Functions for Data Release 25 (KSCI-19101-002)},
    title = {Planet Detection Metrics: Window and One-Sigma Depth Functions for Data Release 25 (KSCI-19101-002)}
}

@booklet{Burke2017a,
    author	= "{Burke}, C.~J., {Catanzarite}, J.",
    year	= 2017,
    journal	= {Planet Detection Metrics: Per-Target Flux-Level Transit Injection Tests of TPS for Data Release 25 (KSCI-19109-001)},
    title = {Planet Detection Metrics: Per-Target Flux-Level Transit Injection Tests of TPS for Data Release 25 (KSCI-19109-001)}
}

@booklet{Burke2017b,
    author	= "{Burke}, C.~J., {Catanzarite}, J.",
    year	= 2017,
    journal	= {Planet Detection Metrics: Completeness Contour Model for Data Release 25 (KSCI-19111-001)},
    title = {Planet Detection Metrics: Completeness Contour Model for Data Release 25 (KSCI-19111-001)}
}

@booklet{Christiansen2015,
    author	= "{Christiansen}, J.~L.",
    year	= 2015,
    title	= {KSCI-19094-001: Planet Detection Metrics: Pipeline Detection Efficiency}
}

@booklet{Christiansen2017,
    author	= "{Christiansen}, J.~L.",
    year	= 2017,
    journal	= {Planet Detection Metrics: Pixel-Level Transit Injection Tests of Pipeline Detection Efficiency for Data Release 25 (KSCI-19110-001)},
    title = {Planet Detection Metrics: Pixel-Level Transit Injection Tests of Pipeline Detection Efficiency for Data Release 25 (KSCI-19110-001)}
}

@booklet{Coughlin2017,
    author	= "{Coughlin}, J.~L.",
    year	= 2017,
    journal	= {Planet Detection Metrics:Robovetter Completeness and Effectiveness for Data Release 25 (KSCI-19114-001)},
    title = {Planet Detection Metrics:Robovetter Completeness and Effectiveness for Data Release 25 (KSCI-19114-001)}
}

@booklet{Hoffman2017,
    author	= "{Hoffman}, K.~L. and {Rowe}, J.~F.",
    year	= 2017,
    journal	= {MCMC Notes for Data Release 25 (KSCI-19113-001)},
    title = {MCMC Notes for Data Release 25 (KSCI-19113-001)}
}

@booklet{Jenkins2017,
    author	= "{Jenkins}, J.~M.",
    journal	= {Kepler Mission Data Processing Handbook (KSCI-19081- 002)},
    title = {Kepler Mission Data Processing Handbook (KSCI-19081- 002)},
    year	= 2017
}

@booklet{Mullally2017,
    author	= "{Mullally}, F.",
    year	= 2017,
    journal	= {Automatic Detection of Background Objects using the Centroid Robovetter (KSCI-19115-001)},
    title = {Automatic Detection of Background Objects using the Centroid Robovetter (KSCI-19115-001)}
}

@booklet{Thompson2016b,
    author	= "{Thompson}, S.~E., {Caldwell}, D.~A., {Jenkins}, J.~M. et al.",
    year	= 2016,
    journal	= {Kepler Data Release 25 Notes (KSCI-19065-002)},
    title = {Kepler Data Release 25 Notes (KSCI-19065-002)}
}

@booklet{VanCleve2016a,
    author	= "{Van Cleve}, J. and {Christiansen}, J.~L., {Jenkins}, J.~M., et al.",
    year	= 2016,
    journal	= {Kepler Data Characterization Handbook (KSCI-19040-005)},
    title = {Kepler Data Characterization Handbook (KSCI-19040-005)}
}

@booklet{VanCleve2016b,
    author	= "{Van Cleve}, J. and {Caldwell}, D.~A.",
    year	= 2016,
    journal	= {Kepler Instrument Handbook (KSCI-19033-002)},
    title = {Kepler Instrument Handbook (KSCI-19033-002)}
}
